%YAML 1.1
%TAG !u! tag:unity3d.com,2011:
--- !u!29 &1
OcclusionCullingSettings:
  m_ObjectHideFlags: 0
  serializedVersion: 2
  m_OcclusionBakeSettings:
    smallestOccluder: 5
    smallestHole: 0.25
    backfaceThreshold: 100
  m_SceneGUID: 00000000000000000000000000000000
  m_OcclusionCullingData: {fileID: 0}
--- !u!104 &2
RenderSettings:
  m_ObjectHideFlags: 0
  serializedVersion: 9
  m_Fog: 0
  m_FogColor: {r: 0.5, g: 0.5, b: 0.5, a: 1}
  m_FogMode: 3
  m_FogDensity: 0.01
  m_LinearFogStart: 0
  m_LinearFogEnd: 300
  m_AmbientSkyColor: {r: 0.212, g: 0.227, b: 0.259, a: 1}
  m_AmbientEquatorColor: {r: 0.114, g: 0.125, b: 0.133, a: 1}
  m_AmbientGroundColor: {r: 0.047, g: 0.043, b: 0.035, a: 1}
  m_AmbientIntensity: 1
  m_AmbientMode: 3
  m_SubtractiveShadowColor: {r: 0.42, g: 0.478, b: 0.627, a: 1}
  m_SkyboxMaterial: {fileID: 0}
  m_HaloStrength: 0.5
  m_FlareStrength: 1
  m_FlareFadeSpeed: 3
  m_HaloTexture: {fileID: 0}
  m_SpotCookie: {fileID: 10001, guid: 0000000000000000e000000000000000, type: 0}
  m_DefaultReflectionMode: 0
  m_DefaultReflectionResolution: 128
  m_ReflectionBounces: 1
  m_ReflectionIntensity: 1
  m_CustomReflection: {fileID: 0}
  m_Sun: {fileID: 0}
  m_IndirectSpecularColor: {r: 0, g: 0, b: 0, a: 1}
  m_UseRadianceAmbientProbe: 0
--- !u!157 &3
LightmapSettings:
  m_ObjectHideFlags: 0
  serializedVersion: 12
  m_GIWorkflowMode: 1
  m_GISettings:
    serializedVersion: 2
    m_BounceScale: 1
    m_IndirectOutputScale: 1
    m_AlbedoBoost: 1
    m_EnvironmentLightingMode: 0
    m_EnableBakedLightmaps: 0
    m_EnableRealtimeLightmaps: 0
  m_LightmapEditorSettings:
    serializedVersion: 12
    m_Resolution: 2
    m_BakeResolution: 40
    m_AtlasSize: 1024
    m_AO: 0
    m_AOMaxDistance: 1
    m_CompAOExponent: 1
    m_CompAOExponentDirect: 0
    m_ExtractAmbientOcclusion: 0
    m_Padding: 2
    m_LightmapParameters: {fileID: 0}
    m_LightmapsBakeMode: 1
    m_TextureCompression: 1
    m_FinalGather: 0
    m_FinalGatherFiltering: 1
    m_FinalGatherRayCount: 256
    m_ReflectionCompression: 2
    m_MixedBakeMode: 2
    m_BakeBackend: 1
    m_PVRSampling: 1
    m_PVRDirectSampleCount: 32
    m_PVRSampleCount: 512
    m_PVRBounces: 2
    m_PVREnvironmentSampleCount: 256
    m_PVREnvironmentReferencePointCount: 2048
    m_PVRFilteringMode: 1
    m_PVRDenoiserTypeDirect: 1
    m_PVRDenoiserTypeIndirect: 1
    m_PVRDenoiserTypeAO: 1
    m_PVRFilterTypeDirect: 0
    m_PVRFilterTypeIndirect: 0
    m_PVRFilterTypeAO: 0
    m_PVREnvironmentMIS: 1
    m_PVRCulling: 1
    m_PVRFilteringGaussRadiusDirect: 1
    m_PVRFilteringGaussRadiusIndirect: 5
    m_PVRFilteringGaussRadiusAO: 2
    m_PVRFilteringAtrousPositionSigmaDirect: 0.5
    m_PVRFilteringAtrousPositionSigmaIndirect: 2
    m_PVRFilteringAtrousPositionSigmaAO: 1
    m_ExportTrainingData: 0
    m_TrainingDataDestination: TrainingData
    m_LightProbeSampleCountMultiplier: 4
  m_LightingDataAsset: {fileID: 0}
  m_LightingSettings: {fileID: 0}
--- !u!196 &4
NavMeshSettings:
  serializedVersion: 2
  m_ObjectHideFlags: 0
  m_BuildSettings:
    serializedVersion: 2
    agentTypeID: 0
    agentRadius: 0.5
    agentHeight: 2
    agentSlope: 45
    agentClimb: 0.4
    ledgeDropHeight: 0
    maxJumpAcrossDistance: 0
    minRegionArea: 2
    manualCellSize: 0
    cellSize: 0.16666667
    manualTileSize: 0
    tileSize: 256
    accuratePlacement: 0
    maxJobWorkers: 0
    preserveTilesOutsideBounds: 0
    debug:
      m_Flags: 0
  m_NavMeshData: {fileID: 0}
--- !u!4 &160912664 stripped
Transform:
  m_CorrespondingSourceObject: {fileID: 4223418845949271221, guid: 4cc4494cdf642a8499027bfd05a53f27, type: 3}
  m_PrefabInstance: {fileID: 1217941980}
  m_PrefabAsset: {fileID: 0}
--- !u!1 &163551223 stripped
GameObject:
  m_CorrespondingSourceObject: {fileID: 6455574895885836781, guid: 9c50d0c70fa2a0146a8166f82bd6bcdf, type: 3}
  m_PrefabInstance: {fileID: 1412296817}
  m_PrefabAsset: {fileID: 0}
--- !u!1 &178342349
GameObject:
  m_ObjectHideFlags: 0
  m_CorrespondingSourceObject: {fileID: 0}
  m_PrefabInstance: {fileID: 0}
  m_PrefabAsset: {fileID: 0}
  serializedVersion: 6
  m_Component:
  - component: {fileID: 178342351}
  - component: {fileID: 178342350}
  m_Layer: 0
  m_Name: Grid
  m_TagString: Untagged
  m_Icon: {fileID: 0}
  m_NavMeshLayer: 0
  m_StaticEditorFlags: 0
  m_IsActive: 1
--- !u!156049354 &178342350
Grid:
  m_ObjectHideFlags: 0
  m_CorrespondingSourceObject: {fileID: 0}
  m_PrefabInstance: {fileID: 0}
  m_PrefabAsset: {fileID: 0}
  m_GameObject: {fileID: 178342349}
  m_Enabled: 1
  m_CellSize: {x: 1, y: 1, z: 0}
  m_CellGap: {x: 0, y: 0, z: 0}
  m_CellLayout: 0
  m_CellSwizzle: 0
--- !u!4 &178342351
Transform:
  m_ObjectHideFlags: 0
  m_CorrespondingSourceObject: {fileID: 0}
  m_PrefabInstance: {fileID: 0}
  m_PrefabAsset: {fileID: 0}
  m_GameObject: {fileID: 178342349}
  m_LocalRotation: {x: 0, y: 0, z: 0, w: 1}
  m_LocalPosition: {x: 0, y: 0, z: 0}
  m_LocalScale: {x: 1, y: 1, z: 1}
  m_ConstrainProportionsScale: 0
  m_Children:
  - {fileID: 464947762}
  m_Father: {fileID: 0}
  m_RootOrder: 1
  m_LocalEulerAnglesHint: {x: 0, y: 0, z: 0}
--- !u!4 &252589338 stripped
Transform:
  m_CorrespondingSourceObject: {fileID: 4223418845949271221, guid: 4cc4494cdf642a8499027bfd05a53f27, type: 3}
  m_PrefabInstance: {fileID: 1219718599}
  m_PrefabAsset: {fileID: 0}
--- !u!114 &393613817 stripped
MonoBehaviour:
  m_CorrespondingSourceObject: {fileID: 775824713062468441, guid: 9c50d0c70fa2a0146a8166f82bd6bcdf, type: 3}
  m_PrefabInstance: {fileID: 1412296817}
  m_PrefabAsset: {fileID: 0}
  m_GameObject: {fileID: 0}
  m_Enabled: 1
  m_EditorHideFlags: 0
  m_Script: {fileID: 11500000, guid: f4688fdb7df04437aeb418b961361dc5, type: 3}
  m_Name: 
  m_EditorClassIdentifier: 
--- !u!1 &442986349
GameObject:
  m_ObjectHideFlags: 0
  m_CorrespondingSourceObject: {fileID: 0}
  m_PrefabInstance: {fileID: 0}
  m_PrefabAsset: {fileID: 0}
  serializedVersion: 6
  m_Component:
  - component: {fileID: 442986350}
  m_Layer: 0
  m_Name: Items
  m_TagString: Untagged
  m_Icon: {fileID: 0}
  m_NavMeshLayer: 0
  m_StaticEditorFlags: 0
  m_IsActive: 1
--- !u!4 &442986350
Transform:
  m_ObjectHideFlags: 0
  m_CorrespondingSourceObject: {fileID: 0}
  m_PrefabInstance: {fileID: 0}
  m_PrefabAsset: {fileID: 0}
  m_GameObject: {fileID: 442986349}
  m_LocalRotation: {x: 0, y: 0, z: 0, w: 1}
  m_LocalPosition: {x: -1.5857735, y: -1.0369998, z: 0.050267957}
  m_LocalScale: {x: 1, y: 1, z: 1}
  m_ConstrainProportionsScale: 0
  m_Children:
  - {fileID: 252589338}
  - {fileID: 160912664}
  - {fileID: 1611004816}
  m_Father: {fileID: 0}
  m_RootOrder: 4
  m_LocalEulerAnglesHint: {x: 0, y: 0, z: 0}
--- !u!1 &453577348
GameObject:
  m_ObjectHideFlags: 0
  m_CorrespondingSourceObject: {fileID: 0}
  m_PrefabInstance: {fileID: 0}
  m_PrefabAsset: {fileID: 0}
  serializedVersion: 6
  m_Component:
  - component: {fileID: 453577349}
  - component: {fileID: 453577350}
  m_Layer: 0
  m_Name: Layer_1
  m_TagString: Untagged
  m_Icon: {fileID: 0}
  m_NavMeshLayer: 0
  m_StaticEditorFlags: 0
  m_IsActive: 1
--- !u!4 &453577349
Transform:
  m_ObjectHideFlags: 0
  m_CorrespondingSourceObject: {fileID: 0}
  m_PrefabInstance: {fileID: 0}
  m_PrefabAsset: {fileID: 0}
  m_GameObject: {fileID: 453577348}
  m_LocalRotation: {x: -0, y: -0, z: -0, w: 1}
  m_LocalPosition: {x: 0, y: 0, z: 0}
  m_LocalScale: {x: 0.5, y: 0.5, z: 1}
  m_ConstrainProportionsScale: 0
  m_Children: []
  m_Father: {fileID: 775106451}
  m_RootOrder: 1
  m_LocalEulerAnglesHint: {x: 0, y: 0, z: 0}
--- !u!212 &453577350
SpriteRenderer:
  m_ObjectHideFlags: 0
  m_CorrespondingSourceObject: {fileID: 0}
  m_PrefabInstance: {fileID: 0}
  m_PrefabAsset: {fileID: 0}
  m_GameObject: {fileID: 453577348}
  m_Enabled: 1
  m_CastShadows: 0
  m_ReceiveShadows: 0
  m_DynamicOccludee: 1
  m_StaticShadowCaster: 0
  m_MotionVectors: 1
  m_LightProbeUsage: 1
  m_ReflectionProbeUsage: 1
  m_RayTracingMode: 0
  m_RayTraceProcedural: 0
  m_RenderingLayerMask: 1
  m_RendererPriority: 0
  m_Materials:
  - {fileID: 10754, guid: 0000000000000000f000000000000000, type: 0}
  m_StaticBatchInfo:
    firstSubMesh: 0
    subMeshCount: 0
  m_StaticBatchRoot: {fileID: 0}
  m_ProbeAnchor: {fileID: 0}
  m_LightProbeVolumeOverride: {fileID: 0}
  m_ScaleInLightmap: 1
  m_ReceiveGI: 1
  m_PreserveUVs: 0
  m_IgnoreNormalsForChartDetection: 0
  m_ImportantGI: 0
  m_StitchLightmapSeams: 1
  m_SelectedEditorRenderState: 0
  m_MinimumChartSize: 4
  m_AutoUVMaxDistance: 0.5
  m_AutoUVMaxAngle: 89
  m_LightmapParameters: {fileID: 0}
  m_SortingLayerID: 0
  m_SortingLayer: 0
  m_SortingOrder: 1
  m_Sprite: {fileID: 21300000, guid: 151eef41825813d4f96dd0d4c8ecdc2f, type: 3}
  m_Color: {r: 1, g: 1, b: 1, a: 1}
  m_FlipX: 0
  m_FlipY: 0
  m_DrawMode: 0
  m_Size: {x: 40, y: 20}
  m_AdaptiveModeThreshold: 0.5
  m_SpriteTileMode: 0
  m_WasSpriteAssigned: 1
  m_MaskInteraction: 0
  m_SpriteSortPoint: 0
--- !u!1 &464947761
GameObject:
  m_ObjectHideFlags: 0
  m_CorrespondingSourceObject: {fileID: 0}
  m_PrefabInstance: {fileID: 0}
  m_PrefabAsset: {fileID: 0}
  serializedVersion: 6
  m_Component:
  - component: {fileID: 464947762}
  - component: {fileID: 464947764}
  - component: {fileID: 464947763}
  - component: {fileID: 464947765}
  m_Layer: 0
  m_Name: Layer1
  m_TagString: Untagged
  m_Icon: {fileID: 0}
  m_NavMeshLayer: 0
  m_StaticEditorFlags: 0
  m_IsActive: 1
--- !u!4 &464947762
Transform:
  m_ObjectHideFlags: 0
  m_CorrespondingSourceObject: {fileID: 0}
  m_PrefabInstance: {fileID: 0}
  m_PrefabAsset: {fileID: 0}
  m_GameObject: {fileID: 464947761}
  m_LocalRotation: {x: -0, y: -0, z: -0, w: 1}
  m_LocalPosition: {x: 0, y: 0, z: 0}
  m_LocalScale: {x: 1, y: 1, z: 1}
  m_ConstrainProportionsScale: 0
  m_Children: []
  m_Father: {fileID: 178342351}
  m_RootOrder: 0
  m_LocalEulerAnglesHint: {x: 0, y: 0, z: 0}
--- !u!483693784 &464947763
TilemapRenderer:
  m_ObjectHideFlags: 0
  m_CorrespondingSourceObject: {fileID: 0}
  m_PrefabInstance: {fileID: 0}
  m_PrefabAsset: {fileID: 0}
  m_GameObject: {fileID: 464947761}
  m_Enabled: 1
  m_CastShadows: 0
  m_ReceiveShadows: 0
  m_DynamicOccludee: 1
  m_StaticShadowCaster: 0
  m_MotionVectors: 1
  m_LightProbeUsage: 0
  m_ReflectionProbeUsage: 0
  m_RayTracingMode: 0
  m_RayTraceProcedural: 0
  m_RenderingLayerMask: 1
  m_RendererPriority: 0
  m_Materials:
  - {fileID: 10754, guid: 0000000000000000f000000000000000, type: 0}
  m_StaticBatchInfo:
    firstSubMesh: 0
    subMeshCount: 0
  m_StaticBatchRoot: {fileID: 0}
  m_ProbeAnchor: {fileID: 0}
  m_LightProbeVolumeOverride: {fileID: 0}
  m_ScaleInLightmap: 1
  m_ReceiveGI: 1
  m_PreserveUVs: 0
  m_IgnoreNormalsForChartDetection: 0
  m_ImportantGI: 0
  m_StitchLightmapSeams: 1
  m_SelectedEditorRenderState: 0
  m_MinimumChartSize: 4
  m_AutoUVMaxDistance: 0.5
  m_AutoUVMaxAngle: 89
  m_LightmapParameters: {fileID: 0}
  m_SortingLayerID: 0
  m_SortingLayer: 0
  m_SortingOrder: 2
  m_ChunkSize: {x: 32, y: 32, z: 32}
  m_ChunkCullingBounds: {x: 0, y: 0, z: 0}
  m_MaxChunkCount: 16
  m_MaxFrameAge: 16
  m_SortOrder: 0
  m_Mode: 0
  m_DetectChunkCullingBounds: 0
  m_MaskInteraction: 0
--- !u!1839735485 &464947764
Tilemap:
  m_ObjectHideFlags: 0
  m_CorrespondingSourceObject: {fileID: 0}
  m_PrefabInstance: {fileID: 0}
  m_PrefabAsset: {fileID: 0}
  m_GameObject: {fileID: 464947761}
  m_Enabled: 1
  m_Tiles:
  - first: {x: -9, y: -5, z: 0}
    second:
      serializedVersion: 2
      m_TileIndex: 0
      m_TileSpriteIndex: 0
      m_TileMatrixIndex: 0
      m_TileColorIndex: 0
      m_TileObjectToInstantiateIndex: 65535
      dummyAlignment: 0
      m_AllTileFlags: 1073741825
  - first: {x: 8, y: -5, z: 0}
    second:
      serializedVersion: 2
      m_TileIndex: 0
      m_TileSpriteIndex: 0
      m_TileMatrixIndex: 0
      m_TileColorIndex: 0
      m_TileObjectToInstantiateIndex: 65535
      dummyAlignment: 0
      m_AllTileFlags: 1073741825
  - first: {x: -9, y: -4, z: 0}
    second:
      serializedVersion: 2
      m_TileIndex: 2
      m_TileSpriteIndex: 2
      m_TileMatrixIndex: 0
      m_TileColorIndex: 0
      m_TileObjectToInstantiateIndex: 65535
      dummyAlignment: 0
      m_AllTileFlags: 1073741825
  - first: {x: 8, y: -4, z: 0}
    second:
      serializedVersion: 2
      m_TileIndex: 2
      m_TileSpriteIndex: 2
      m_TileMatrixIndex: 0
      m_TileColorIndex: 0
      m_TileObjectToInstantiateIndex: 65535
      dummyAlignment: 0
      m_AllTileFlags: 1073741825
  - first: {x: -9, y: -3, z: 0}
    second:
      serializedVersion: 2
      m_TileIndex: 0
      m_TileSpriteIndex: 0
      m_TileMatrixIndex: 0
      m_TileColorIndex: 0
      m_TileObjectToInstantiateIndex: 65535
      dummyAlignment: 0
      m_AllTileFlags: 1073741825
  - first: {x: 8, y: -3, z: 0}
    second:
      serializedVersion: 2
      m_TileIndex: 0
      m_TileSpriteIndex: 0
      m_TileMatrixIndex: 0
      m_TileColorIndex: 0
      m_TileObjectToInstantiateIndex: 65535
      dummyAlignment: 0
      m_AllTileFlags: 1073741825
  - first: {x: -9, y: -2, z: 0}
    second:
      serializedVersion: 2
      m_TileIndex: 2
      m_TileSpriteIndex: 2
      m_TileMatrixIndex: 0
      m_TileColorIndex: 0
      m_TileObjectToInstantiateIndex: 65535
      dummyAlignment: 0
      m_AllTileFlags: 1073741825
  - first: {x: -8, y: -2, z: 0}
    second:
      serializedVersion: 2
      m_TileIndex: 4
      m_TileSpriteIndex: 4
      m_TileMatrixIndex: 0
      m_TileColorIndex: 0
      m_TileObjectToInstantiateIndex: 65535
      dummyAlignment: 0
      m_AllTileFlags: 1073741825
  - first: {x: 8, y: -2, z: 0}
    second:
      serializedVersion: 2
      m_TileIndex: 2
      m_TileSpriteIndex: 2
      m_TileMatrixIndex: 0
      m_TileColorIndex: 0
      m_TileObjectToInstantiateIndex: 65535
      dummyAlignment: 0
      m_AllTileFlags: 1073741825
  - first: {x: -9, y: -1, z: 0}
    second:
      serializedVersion: 2
      m_TileIndex: 0
      m_TileSpriteIndex: 0
      m_TileMatrixIndex: 0
      m_TileColorIndex: 0
      m_TileObjectToInstantiateIndex: 65535
      dummyAlignment: 0
      m_AllTileFlags: 1073741825
  - first: {x: 8, y: -1, z: 0}
    second:
      serializedVersion: 2
      m_TileIndex: 0
      m_TileSpriteIndex: 0
      m_TileMatrixIndex: 0
      m_TileColorIndex: 0
      m_TileObjectToInstantiateIndex: 65535
      dummyAlignment: 0
      m_AllTileFlags: 1073741825
  - first: {x: -9, y: 0, z: 0}
    second:
      serializedVersion: 2
      m_TileIndex: 2
      m_TileSpriteIndex: 2
      m_TileMatrixIndex: 0
      m_TileColorIndex: 0
      m_TileObjectToInstantiateIndex: 65535
      dummyAlignment: 0
      m_AllTileFlags: 1073741825
  - first: {x: 6, y: 0, z: 0}
    second:
      serializedVersion: 2
      m_TileIndex: 5
      m_TileSpriteIndex: 5
      m_TileMatrixIndex: 0
      m_TileColorIndex: 0
      m_TileObjectToInstantiateIndex: 65535
      dummyAlignment: 0
      m_AllTileFlags: 1073741825
  - first: {x: 7, y: 0, z: 0}
    second:
      serializedVersion: 2
      m_TileIndex: 3
      m_TileSpriteIndex: 3
      m_TileMatrixIndex: 0
      m_TileColorIndex: 0
      m_TileObjectToInstantiateIndex: 65535
      dummyAlignment: 0
      m_AllTileFlags: 1073741825
  - first: {x: 8, y: 0, z: 0}
    second:
      serializedVersion: 2
      m_TileIndex: 2
      m_TileSpriteIndex: 2
      m_TileMatrixIndex: 0
      m_TileColorIndex: 0
      m_TileObjectToInstantiateIndex: 65535
      dummyAlignment: 0
      m_AllTileFlags: 1073741825
  - first: {x: -9, y: 1, z: 0}
    second:
      serializedVersion: 2
      m_TileIndex: 0
      m_TileSpriteIndex: 0
      m_TileMatrixIndex: 0
      m_TileColorIndex: 0
      m_TileObjectToInstantiateIndex: 65535
      dummyAlignment: 0
      m_AllTileFlags: 1073741825
  - first: {x: 8, y: 1, z: 0}
    second:
      serializedVersion: 2
      m_TileIndex: 0
      m_TileSpriteIndex: 0
      m_TileMatrixIndex: 0
      m_TileColorIndex: 0
      m_TileObjectToInstantiateIndex: 65535
      dummyAlignment: 0
      m_AllTileFlags: 1073741825
  - first: {x: -9, y: 2, z: 0}
    second:
      serializedVersion: 2
      m_TileIndex: 2
      m_TileSpriteIndex: 2
      m_TileMatrixIndex: 0
      m_TileColorIndex: 0
      m_TileObjectToInstantiateIndex: 65535
      dummyAlignment: 0
      m_AllTileFlags: 1073741825
  - first: {x: 8, y: 2, z: 0}
    second:
      serializedVersion: 2
      m_TileIndex: 2
      m_TileSpriteIndex: 2
      m_TileMatrixIndex: 0
      m_TileColorIndex: 0
      m_TileObjectToInstantiateIndex: 65535
      dummyAlignment: 0
      m_AllTileFlags: 1073741825
  - first: {x: -9, y: 3, z: 0}
    second:
      serializedVersion: 2
      m_TileIndex: 0
      m_TileSpriteIndex: 0
      m_TileMatrixIndex: 0
      m_TileColorIndex: 0
      m_TileObjectToInstantiateIndex: 65535
      dummyAlignment: 0
      m_AllTileFlags: 1073741825
  - first: {x: 8, y: 3, z: 0}
    second:
      serializedVersion: 2
      m_TileIndex: 0
      m_TileSpriteIndex: 0
      m_TileMatrixIndex: 0
      m_TileColorIndex: 0
      m_TileObjectToInstantiateIndex: 65535
      dummyAlignment: 0
      m_AllTileFlags: 1073741825
  - first: {x: -9, y: 4, z: 0}
    second:
      serializedVersion: 2
      m_TileIndex: 2
      m_TileSpriteIndex: 2
      m_TileMatrixIndex: 0
      m_TileColorIndex: 0
      m_TileObjectToInstantiateIndex: 65535
      dummyAlignment: 0
      m_AllTileFlags: 1073741825
  - first: {x: -8, y: 4, z: 0}
    second:
      serializedVersion: 2
      m_TileIndex: 1
      m_TileSpriteIndex: 1
      m_TileMatrixIndex: 0
      m_TileColorIndex: 0
      m_TileObjectToInstantiateIndex: 65535
      dummyAlignment: 0
      m_AllTileFlags: 1073741825
  - first: {x: -7, y: 4, z: 0}
    second:
      serializedVersion: 2
      m_TileIndex: 1
      m_TileSpriteIndex: 1
      m_TileMatrixIndex: 0
      m_TileColorIndex: 0
      m_TileObjectToInstantiateIndex: 65535
      dummyAlignment: 0
      m_AllTileFlags: 1073741825
  - first: {x: -6, y: 4, z: 0}
    second:
      serializedVersion: 2
      m_TileIndex: 1
      m_TileSpriteIndex: 1
      m_TileMatrixIndex: 0
      m_TileColorIndex: 0
      m_TileObjectToInstantiateIndex: 65535
      dummyAlignment: 0
      m_AllTileFlags: 1073741825
  - first: {x: -5, y: 4, z: 0}
    second:
      serializedVersion: 2
      m_TileIndex: 1
      m_TileSpriteIndex: 1
      m_TileMatrixIndex: 0
      m_TileColorIndex: 0
      m_TileObjectToInstantiateIndex: 65535
      dummyAlignment: 0
      m_AllTileFlags: 1073741825
  - first: {x: -4, y: 4, z: 0}
    second:
      serializedVersion: 2
      m_TileIndex: 1
      m_TileSpriteIndex: 1
      m_TileMatrixIndex: 0
      m_TileColorIndex: 0
      m_TileObjectToInstantiateIndex: 65535
      dummyAlignment: 0
      m_AllTileFlags: 1073741825
  - first: {x: -3, y: 4, z: 0}
    second:
      serializedVersion: 2
      m_TileIndex: 1
      m_TileSpriteIndex: 1
      m_TileMatrixIndex: 0
      m_TileColorIndex: 0
      m_TileObjectToInstantiateIndex: 65535
      dummyAlignment: 0
      m_AllTileFlags: 1073741825
  - first: {x: -2, y: 4, z: 0}
    second:
      serializedVersion: 2
      m_TileIndex: 1
      m_TileSpriteIndex: 1
      m_TileMatrixIndex: 0
      m_TileColorIndex: 0
      m_TileObjectToInstantiateIndex: 65535
      dummyAlignment: 0
      m_AllTileFlags: 1073741825
  - first: {x: -1, y: 4, z: 0}
    second:
      serializedVersion: 2
      m_TileIndex: 1
      m_TileSpriteIndex: 1
      m_TileMatrixIndex: 0
      m_TileColorIndex: 0
      m_TileObjectToInstantiateIndex: 65535
      dummyAlignment: 0
      m_AllTileFlags: 1073741825
  - first: {x: 0, y: 4, z: 0}
    second:
      serializedVersion: 2
      m_TileIndex: 1
      m_TileSpriteIndex: 1
      m_TileMatrixIndex: 0
      m_TileColorIndex: 0
      m_TileObjectToInstantiateIndex: 65535
      dummyAlignment: 0
      m_AllTileFlags: 1073741825
  - first: {x: 1, y: 4, z: 0}
    second:
      serializedVersion: 2
      m_TileIndex: 1
      m_TileSpriteIndex: 1
      m_TileMatrixIndex: 0
      m_TileColorIndex: 0
      m_TileObjectToInstantiateIndex: 65535
      dummyAlignment: 0
      m_AllTileFlags: 1073741825
  - first: {x: 2, y: 4, z: 0}
    second:
      serializedVersion: 2
      m_TileIndex: 1
      m_TileSpriteIndex: 1
      m_TileMatrixIndex: 0
      m_TileColorIndex: 0
      m_TileObjectToInstantiateIndex: 65535
      dummyAlignment: 0
      m_AllTileFlags: 1073741825
  - first: {x: 3, y: 4, z: 0}
    second:
      serializedVersion: 2
      m_TileIndex: 1
      m_TileSpriteIndex: 1
      m_TileMatrixIndex: 0
      m_TileColorIndex: 0
      m_TileObjectToInstantiateIndex: 65535
      dummyAlignment: 0
      m_AllTileFlags: 1073741825
  - first: {x: 4, y: 4, z: 0}
    second:
      serializedVersion: 2
      m_TileIndex: 1
      m_TileSpriteIndex: 1
      m_TileMatrixIndex: 0
      m_TileColorIndex: 0
      m_TileObjectToInstantiateIndex: 65535
      dummyAlignment: 0
      m_AllTileFlags: 1073741825
  - first: {x: 5, y: 4, z: 0}
    second:
      serializedVersion: 2
      m_TileIndex: 1
      m_TileSpriteIndex: 1
      m_TileMatrixIndex: 0
      m_TileColorIndex: 0
      m_TileObjectToInstantiateIndex: 65535
      dummyAlignment: 0
      m_AllTileFlags: 1073741825
  - first: {x: 6, y: 4, z: 0}
    second:
      serializedVersion: 2
      m_TileIndex: 1
      m_TileSpriteIndex: 1
      m_TileMatrixIndex: 0
      m_TileColorIndex: 0
      m_TileObjectToInstantiateIndex: 65535
      dummyAlignment: 0
      m_AllTileFlags: 1073741825
  - first: {x: 7, y: 4, z: 0}
    second:
      serializedVersion: 2
      m_TileIndex: 1
      m_TileSpriteIndex: 1
      m_TileMatrixIndex: 0
      m_TileColorIndex: 0
      m_TileObjectToInstantiateIndex: 65535
      dummyAlignment: 0
      m_AllTileFlags: 1073741825
  - first: {x: 8, y: 4, z: 0}
    second:
      serializedVersion: 2
      m_TileIndex: 2
      m_TileSpriteIndex: 2
      m_TileMatrixIndex: 0
      m_TileColorIndex: 0
      m_TileObjectToInstantiateIndex: 65535
      dummyAlignment: 0
      m_AllTileFlags: 1073741825
  m_AnimatedTiles: {}
  m_TileAssetArray:
  - m_RefCount: 10
    m_Data: {fileID: 11400000, guid: 38276c4cd23f6bb45a4df847849ceaa2, type: 2}
  - m_RefCount: 16
    m_Data: {fileID: 11400000, guid: 8eeb48ed30f7a1542b6cfeb217ae36f2, type: 2}
  - m_RefCount: 10
    m_Data: {fileID: 11400000, guid: 356e51e55dc771d43a2af1141ac0c6ae, type: 2}
  - m_RefCount: 1
    m_Data: {fileID: 11400000, guid: 3fd0542d8cef4f94ca67fc667908bbb7, type: 2}
  - m_RefCount: 1
    m_Data: {fileID: 11400000, guid: e5392e55430188a48bcd79da1a30765d, type: 2}
  - m_RefCount: 1
    m_Data: {fileID: 11400000, guid: 54b92458ba807204c9bec304cecbc5f8, type: 2}
  m_TileSpriteArray:
  - m_RefCount: 10
    m_Data: {fileID: 21300122, guid: 261212b977f594d5dbc48631a5c1295c, type: 3}
  - m_RefCount: 16
    m_Data: {fileID: 21300124, guid: 261212b977f594d5dbc48631a5c1295c, type: 3}
  - m_RefCount: 10
    m_Data: {fileID: 21300220, guid: 261212b977f594d5dbc48631a5c1295c, type: 3}
  - m_RefCount: 1
    m_Data: {fileID: 21300010, guid: 261212b977f594d5dbc48631a5c1295c, type: 3}
  - m_RefCount: 1
    m_Data: {fileID: 21300096, guid: 261212b977f594d5dbc48631a5c1295c, type: 3}
  - m_RefCount: 1
    m_Data: {fileID: 21300008, guid: 261212b977f594d5dbc48631a5c1295c, type: 3}
  m_TileMatrixArray:
  - m_RefCount: 39
    m_Data:
      e00: 1
      e01: 0
      e02: 0
      e03: 0
      e10: 0
      e11: 1
      e12: 0
      e13: 0
      e20: 0
      e21: 0
      e22: 1
      e23: 0
      e30: 0
      e31: 0
      e32: 0
      e33: 1
  m_TileColorArray:
  - m_RefCount: 39
    m_Data: {r: 1, g: 1, b: 1, a: 1}
  m_TileObjectToInstantiateArray: []
  m_AnimationFrameRate: 1
  m_Color: {r: 1, g: 1, b: 1, a: 1}
  m_Origin: {x: -9, y: -5, z: 0}
  m_Size: {x: 18, y: 10, z: 1}
  m_TileAnchor: {x: 0.5, y: 0.5, z: 0}
  m_TileOrientation: 0
  m_TileOrientationMatrix:
    e00: 1
    e01: 0
    e02: 0
    e03: 0
    e10: 0
    e11: 1
    e12: 0
    e13: 0
    e20: 0
    e21: 0
    e22: 1
    e23: 0
    e30: 0
    e31: 0
    e32: 0
    e33: 1
--- !u!19719996 &464947765
TilemapCollider2D:
  m_ObjectHideFlags: 0
  m_CorrespondingSourceObject: {fileID: 0}
  m_PrefabInstance: {fileID: 0}
  m_PrefabAsset: {fileID: 0}
  m_GameObject: {fileID: 464947761}
  m_Enabled: 1
  m_Density: 1
  m_Material: {fileID: 0}
  m_IsTrigger: 0
  m_UsedByEffector: 0
  m_UsedByComposite: 0
  m_Offset: {x: 0, y: 0}
  m_MaximumTileChangeCount: 1000
  m_ExtrusionFactor: 0.00001
--- !u!1 &708204899
GameObject:
  m_ObjectHideFlags: 0
  m_CorrespondingSourceObject: {fileID: 0}
  m_PrefabInstance: {fileID: 0}
  m_PrefabAsset: {fileID: 0}
  serializedVersion: 6
  m_Component:
  - component: {fileID: 708204902}
  - component: {fileID: 708204901}
  - component: {fileID: 708204900}
  m_Layer: 0
  m_Name: Main Camera
  m_TagString: MainCamera
  m_Icon: {fileID: 0}
  m_NavMeshLayer: 0
  m_StaticEditorFlags: 0
  m_IsActive: 1
--- !u!81 &708204900
AudioListener:
  m_ObjectHideFlags: 0
  m_CorrespondingSourceObject: {fileID: 0}
  m_PrefabInstance: {fileID: 0}
  m_PrefabAsset: {fileID: 0}
  m_GameObject: {fileID: 708204899}
  m_Enabled: 1
--- !u!20 &708204901
Camera:
  m_ObjectHideFlags: 0
  m_CorrespondingSourceObject: {fileID: 0}
  m_PrefabInstance: {fileID: 0}
  m_PrefabAsset: {fileID: 0}
  m_GameObject: {fileID: 708204899}
  m_Enabled: 1
  serializedVersion: 2
  m_ClearFlags: 1
  m_BackGroundColor: {r: 0.19215687, g: 0.3019608, b: 0.4745098, a: 0}
  m_projectionMatrixMode: 1
  m_GateFitMode: 2
  m_FOVAxisMode: 0
  m_SensorSize: {x: 36, y: 24}
  m_LensShift: {x: 0, y: 0}
  m_FocalLength: 50
  m_NormalizedViewPortRect:
    serializedVersion: 2
    x: 0
    y: 0
    width: 1
    height: 1
  near clip plane: 0.3
  far clip plane: 1000
  field of view: 60
  orthographic: 1
  orthographic size: 5
  m_Depth: -1
  m_CullingMask:
    serializedVersion: 2
    m_Bits: 4294967295
  m_RenderingPath: -1
  m_TargetTexture: {fileID: 0}
  m_TargetDisplay: 0
  m_TargetEye: 3
  m_HDR: 1
  m_AllowMSAA: 1
  m_AllowDynamicResolution: 0
  m_ForceIntoRT: 0
  m_OcclusionCulling: 1
  m_StereoConvergence: 10
  m_StereoSeparation: 0.022
--- !u!4 &708204902
Transform:
  m_ObjectHideFlags: 0
  m_CorrespondingSourceObject: {fileID: 0}
  m_PrefabInstance: {fileID: 0}
  m_PrefabAsset: {fileID: 0}
  m_GameObject: {fileID: 708204899}
  m_LocalRotation: {x: 0, y: 0, z: 0, w: 1}
  m_LocalPosition: {x: 0, y: 0, z: -10}
  m_LocalScale: {x: 1, y: 1, z: 1}
  m_ConstrainProportionsScale: 0
  m_Children: []
  m_Father: {fileID: 0}
  m_RootOrder: 0
  m_LocalEulerAnglesHint: {x: 0, y: 0, z: 0}
--- !u!1 &754052919
GameObject:
  m_ObjectHideFlags: 0
  m_CorrespondingSourceObject: {fileID: 0}
  m_PrefabInstance: {fileID: 0}
  m_PrefabAsset: {fileID: 0}
  serializedVersion: 6
  m_Component:
  - component: {fileID: 754052920}
  - component: {fileID: 754052921}
  m_Layer: 0
  m_Name: Layer_2
  m_TagString: Untagged
  m_Icon: {fileID: 0}
  m_NavMeshLayer: 0
  m_StaticEditorFlags: 0
  m_IsActive: 1
--- !u!4 &754052920
Transform:
  m_ObjectHideFlags: 0
  m_CorrespondingSourceObject: {fileID: 0}
  m_PrefabInstance: {fileID: 0}
  m_PrefabAsset: {fileID: 0}
  m_GameObject: {fileID: 754052919}
  m_LocalRotation: {x: -0, y: -0, z: -0, w: 1}
  m_LocalPosition: {x: 0, y: 0, z: 0}
  m_LocalScale: {x: 0.5, y: 0.5, z: 1}
  m_ConstrainProportionsScale: 0
  m_Children: []
  m_Father: {fileID: 775106451}
  m_RootOrder: 2
  m_LocalEulerAnglesHint: {x: 0, y: 0, z: 0}
--- !u!212 &754052921
SpriteRenderer:
  m_ObjectHideFlags: 0
  m_CorrespondingSourceObject: {fileID: 0}
  m_PrefabInstance: {fileID: 0}
  m_PrefabAsset: {fileID: 0}
  m_GameObject: {fileID: 754052919}
  m_Enabled: 1
  m_CastShadows: 0
  m_ReceiveShadows: 0
  m_DynamicOccludee: 1
  m_StaticShadowCaster: 0
  m_MotionVectors: 1
  m_LightProbeUsage: 1
  m_ReflectionProbeUsage: 1
  m_RayTracingMode: 0
  m_RayTraceProcedural: 0
  m_RenderingLayerMask: 1
  m_RendererPriority: 0
  m_Materials:
  - {fileID: 10754, guid: 0000000000000000f000000000000000, type: 0}
  m_StaticBatchInfo:
    firstSubMesh: 0
    subMeshCount: 0
  m_StaticBatchRoot: {fileID: 0}
  m_ProbeAnchor: {fileID: 0}
  m_LightProbeVolumeOverride: {fileID: 0}
  m_ScaleInLightmap: 1
  m_ReceiveGI: 1
  m_PreserveUVs: 0
  m_IgnoreNormalsForChartDetection: 0
  m_ImportantGI: 0
  m_StitchLightmapSeams: 1
  m_SelectedEditorRenderState: 0
  m_MinimumChartSize: 4
  m_AutoUVMaxDistance: 0.5
  m_AutoUVMaxAngle: 89
  m_LightmapParameters: {fileID: 0}
  m_SortingLayerID: 0
  m_SortingLayer: 0
  m_SortingOrder: 1
  m_Sprite: {fileID: 21300000, guid: f742986c8cfb0f9408700b55894aba73, type: 3}
  m_Color: {r: 1, g: 1, b: 1, a: 1}
  m_FlipX: 0
  m_FlipY: 0
  m_DrawMode: 0
  m_Size: {x: 40, y: 20}
  m_AdaptiveModeThreshold: 0.5
  m_SpriteTileMode: 0
  m_WasSpriteAssigned: 1
  m_MaskInteraction: 0
  m_SpriteSortPoint: 0
--- !u!1 &775106450
GameObject:
  m_ObjectHideFlags: 0
  m_CorrespondingSourceObject: {fileID: 0}
  m_PrefabInstance: {fileID: 0}
  m_PrefabAsset: {fileID: 0}
  serializedVersion: 6
  m_Component:
  - component: {fileID: 775106451}
  m_Layer: 0
  m_Name: Background
  m_TagString: Untagged
  m_Icon: {fileID: 0}
  m_NavMeshLayer: 0
  m_StaticEditorFlags: 0
  m_IsActive: 1
--- !u!4 &775106451
Transform:
  m_ObjectHideFlags: 0
  m_CorrespondingSourceObject: {fileID: 0}
  m_PrefabInstance: {fileID: 0}
  m_PrefabAsset: {fileID: 0}
  m_GameObject: {fileID: 775106450}
  m_LocalRotation: {x: 0, y: 0, z: 0, w: 1}
  m_LocalPosition: {x: 0, y: 0, z: 0}
  m_LocalScale: {x: 1, y: 1, z: 1}
  m_ConstrainProportionsScale: 0
  m_Children:
  - {fileID: 1365548558}
  - {fileID: 453577349}
  - {fileID: 754052920}
  - {fileID: 1378463383}
  - {fileID: 1638232153}
  m_Father: {fileID: 0}
  m_RootOrder: 3
  m_LocalEulerAnglesHint: {x: 0, y: 0, z: 0}
--- !u!114 &778517679 stripped
MonoBehaviour:
  m_CorrespondingSourceObject: {fileID: 7215952569802983945, guid: ad7767d3c44ed5d4cb9aabea736ea72c, type: 3}
  m_PrefabInstance: {fileID: 1131762113}
  m_PrefabAsset: {fileID: 0}
  m_GameObject: {fileID: 0}
  m_Enabled: 1
  m_EditorHideFlags: 0
  m_Script: {fileID: 11500000, guid: 22491906442bfc4428c2db9776720830, type: 3}
  m_Name: 
  m_EditorClassIdentifier: 
--- !u!1 &827180401 stripped
GameObject:
  m_CorrespondingSourceObject: {fileID: 775824712593429745, guid: 9c50d0c70fa2a0146a8166f82bd6bcdf, type: 3}
  m_PrefabInstance: {fileID: 1412296817}
  m_PrefabAsset: {fileID: 0}
--- !u!1001 &1131762113
PrefabInstance:
  m_ObjectHideFlags: 0
  serializedVersion: 2
  m_Modification:
    m_TransformParent: {fileID: 0}
    m_Modifications:
    - target: {fileID: 7215952569802983942, guid: ad7767d3c44ed5d4cb9aabea736ea72c, type: 3}
      propertyPath: m_RootOrder
      value: 7
      objectReference: {fileID: 0}
    - target: {fileID: 7215952569802983942, guid: ad7767d3c44ed5d4cb9aabea736ea72c, type: 3}
      propertyPath: m_LocalPosition.x
      value: 0
      objectReference: {fileID: 0}
    - target: {fileID: 7215952569802983942, guid: ad7767d3c44ed5d4cb9aabea736ea72c, type: 3}
      propertyPath: m_LocalPosition.y
      value: 0
      objectReference: {fileID: 0}
    - target: {fileID: 7215952569802983942, guid: ad7767d3c44ed5d4cb9aabea736ea72c, type: 3}
      propertyPath: m_LocalPosition.z
      value: 0
      objectReference: {fileID: 0}
    - target: {fileID: 7215952569802983942, guid: ad7767d3c44ed5d4cb9aabea736ea72c, type: 3}
      propertyPath: m_LocalRotation.w
      value: 1
      objectReference: {fileID: 0}
    - target: {fileID: 7215952569802983942, guid: ad7767d3c44ed5d4cb9aabea736ea72c, type: 3}
      propertyPath: m_LocalRotation.x
      value: 0
      objectReference: {fileID: 0}
    - target: {fileID: 7215952569802983942, guid: ad7767d3c44ed5d4cb9aabea736ea72c, type: 3}
      propertyPath: m_LocalRotation.y
      value: 0
      objectReference: {fileID: 0}
    - target: {fileID: 7215952569802983942, guid: ad7767d3c44ed5d4cb9aabea736ea72c, type: 3}
      propertyPath: m_LocalRotation.z
      value: 0
      objectReference: {fileID: 0}
    - target: {fileID: 7215952569802983942, guid: ad7767d3c44ed5d4cb9aabea736ea72c, type: 3}
      propertyPath: m_LocalEulerAnglesHint.x
      value: 0
      objectReference: {fileID: 0}
    - target: {fileID: 7215952569802983942, guid: ad7767d3c44ed5d4cb9aabea736ea72c, type: 3}
      propertyPath: m_LocalEulerAnglesHint.y
      value: 0
      objectReference: {fileID: 0}
    - target: {fileID: 7215952569802983942, guid: ad7767d3c44ed5d4cb9aabea736ea72c, type: 3}
      propertyPath: m_LocalEulerAnglesHint.z
      value: 0
      objectReference: {fileID: 0}
    - target: {fileID: 7215952569802983943, guid: ad7767d3c44ed5d4cb9aabea736ea72c, type: 3}
      propertyPath: text
      value: 
      objectReference: {fileID: 393613817}
    - target: {fileID: 7215952569802983943, guid: ad7767d3c44ed5d4cb9aabea736ea72c, type: 3}
      propertyPath: completeLevel
      value: 
      objectReference: {fileID: 163551223}
    - target: {fileID: 7215952569802983944, guid: ad7767d3c44ed5d4cb9aabea736ea72c, type: 3}
      propertyPath: m_Name
      value: GameManager
      objectReference: {fileID: 0}
    m_RemovedComponents: []
  m_SourcePrefab: {fileID: 100100000, guid: ad7767d3c44ed5d4cb9aabea736ea72c, type: 3}
--- !u!1001 &1217941980
PrefabInstance:
  m_ObjectHideFlags: 0
  serializedVersion: 2
  m_Modification:
    m_TransformParent: {fileID: 442986350}
    m_Modifications:
    - target: {fileID: 4223418845949271216, guid: 4cc4494cdf642a8499027bfd05a53f27, type: 3}
      propertyPath: m_Name
      value: Cherry (1)
      objectReference: {fileID: 0}
    - target: {fileID: 4223418845949271216, guid: 4cc4494cdf642a8499027bfd05a53f27, type: 3}
      propertyPath: m_TagString
      value: item
      objectReference: {fileID: 0}
    - target: {fileID: 4223418845949271221, guid: 4cc4494cdf642a8499027bfd05a53f27, type: 3}
      propertyPath: m_RootOrder
      value: 1
      objectReference: {fileID: 0}
    - target: {fileID: 4223418845949271221, guid: 4cc4494cdf642a8499027bfd05a53f27, type: 3}
      propertyPath: m_LocalPosition.x
      value: 1.49
      objectReference: {fileID: 0}
    - target: {fileID: 4223418845949271221, guid: 4cc4494cdf642a8499027bfd05a53f27, type: 3}
      propertyPath: m_LocalPosition.y
      value: 4.47
      objectReference: {fileID: 0}
    - target: {fileID: 4223418845949271221, guid: 4cc4494cdf642a8499027bfd05a53f27, type: 3}
      propertyPath: m_LocalPosition.z
      value: 0.024144532
      objectReference: {fileID: 0}
    - target: {fileID: 4223418845949271221, guid: 4cc4494cdf642a8499027bfd05a53f27, type: 3}
      propertyPath: m_LocalRotation.w
      value: 1
      objectReference: {fileID: 0}
    - target: {fileID: 4223418845949271221, guid: 4cc4494cdf642a8499027bfd05a53f27, type: 3}
      propertyPath: m_LocalRotation.x
      value: -0
      objectReference: {fileID: 0}
    - target: {fileID: 4223418845949271221, guid: 4cc4494cdf642a8499027bfd05a53f27, type: 3}
      propertyPath: m_LocalRotation.y
      value: -0
      objectReference: {fileID: 0}
    - target: {fileID: 4223418845949271221, guid: 4cc4494cdf642a8499027bfd05a53f27, type: 3}
      propertyPath: m_LocalRotation.z
      value: -0
      objectReference: {fileID: 0}
    - target: {fileID: 4223418845949271221, guid: 4cc4494cdf642a8499027bfd05a53f27, type: 3}
      propertyPath: m_LocalEulerAnglesHint.x
      value: 0
      objectReference: {fileID: 0}
    - target: {fileID: 4223418845949271221, guid: 4cc4494cdf642a8499027bfd05a53f27, type: 3}
      propertyPath: m_LocalEulerAnglesHint.y
      value: 0
      objectReference: {fileID: 0}
    - target: {fileID: 4223418845949271221, guid: 4cc4494cdf642a8499027bfd05a53f27, type: 3}
      propertyPath: m_LocalEulerAnglesHint.z
      value: 0
      objectReference: {fileID: 0}
    m_RemovedComponents: []
  m_SourcePrefab: {fileID: 100100000, guid: 4cc4494cdf642a8499027bfd05a53f27, type: 3}
--- !u!1001 &1219718599
PrefabInstance:
  m_ObjectHideFlags: 0
  serializedVersion: 2
  m_Modification:
    m_TransformParent: {fileID: 442986350}
    m_Modifications:
    - target: {fileID: 4223418845949271216, guid: 4cc4494cdf642a8499027bfd05a53f27, type: 3}
      propertyPath: m_Name
      value: Cherry
      objectReference: {fileID: 0}
    - target: {fileID: 4223418845949271216, guid: 4cc4494cdf642a8499027bfd05a53f27, type: 3}
      propertyPath: m_TagString
      value: item
      objectReference: {fileID: 0}
    - target: {fileID: 4223418845949271221, guid: 4cc4494cdf642a8499027bfd05a53f27, type: 3}
      propertyPath: m_RootOrder
      value: 0
      objectReference: {fileID: 0}
    - target: {fileID: 4223418845949271221, guid: 4cc4494cdf642a8499027bfd05a53f27, type: 3}
      propertyPath: m_LocalPosition.x
      value: -5.34
      objectReference: {fileID: 0}
    - target: {fileID: 4223418845949271221, guid: 4cc4494cdf642a8499027bfd05a53f27, type: 3}
      propertyPath: m_LocalPosition.y
      value: -2.25
      objectReference: {fileID: 0}
    - target: {fileID: 4223418845949271221, guid: 4cc4494cdf642a8499027bfd05a53f27, type: 3}
      propertyPath: m_LocalPosition.z
      value: 0.024144532
      objectReference: {fileID: 0}
    - target: {fileID: 4223418845949271221, guid: 4cc4494cdf642a8499027bfd05a53f27, type: 3}
      propertyPath: m_LocalRotation.w
      value: 1
      objectReference: {fileID: 0}
    - target: {fileID: 4223418845949271221, guid: 4cc4494cdf642a8499027bfd05a53f27, type: 3}
      propertyPath: m_LocalRotation.x
      value: -0
      objectReference: {fileID: 0}
    - target: {fileID: 4223418845949271221, guid: 4cc4494cdf642a8499027bfd05a53f27, type: 3}
      propertyPath: m_LocalRotation.y
      value: -0
      objectReference: {fileID: 0}
    - target: {fileID: 4223418845949271221, guid: 4cc4494cdf642a8499027bfd05a53f27, type: 3}
      propertyPath: m_LocalRotation.z
      value: -0
      objectReference: {fileID: 0}
    - target: {fileID: 4223418845949271221, guid: 4cc4494cdf642a8499027bfd05a53f27, type: 3}
      propertyPath: m_LocalEulerAnglesHint.x
      value: 0
      objectReference: {fileID: 0}
    - target: {fileID: 4223418845949271221, guid: 4cc4494cdf642a8499027bfd05a53f27, type: 3}
      propertyPath: m_LocalEulerAnglesHint.y
      value: 0
      objectReference: {fileID: 0}
    - target: {fileID: 4223418845949271221, guid: 4cc4494cdf642a8499027bfd05a53f27, type: 3}
      propertyPath: m_LocalEulerAnglesHint.z
      value: 0
      objectReference: {fileID: 0}
    m_RemovedComponents: []
  m_SourcePrefab: {fileID: 100100000, guid: 4cc4494cdf642a8499027bfd05a53f27, type: 3}
--- !u!1001 &1240067778
PrefabInstance:
  m_ObjectHideFlags: 0
  serializedVersion: 2
  m_Modification:
    m_TransformParent: {fileID: 0}
    m_Modifications:
    - target: {fileID: 8477628092232891506, guid: 16a119a520dbae841a168e5856d58951, type: 3}
      propertyPath: m_Name
      value: Player
      objectReference: {fileID: 0}
    - target: {fileID: 8477628092232891506, guid: 16a119a520dbae841a168e5856d58951, type: 3}
      propertyPath: m_TagString
      value: Player
      objectReference: {fileID: 0}
    - target: {fileID: 8477628092232891517, guid: 16a119a520dbae841a168e5856d58951, type: 3}
      propertyPath: m_RootOrder
      value: 2
      objectReference: {fileID: 0}
    - target: {fileID: 8477628092232891517, guid: 16a119a520dbae841a168e5856d58951, type: 3}
      propertyPath: m_LocalPosition.x
      value: 0
      objectReference: {fileID: 0}
    - target: {fileID: 8477628092232891517, guid: 16a119a520dbae841a168e5856d58951, type: 3}
      propertyPath: m_LocalPosition.y
      value: 0
      objectReference: {fileID: 0}
    - target: {fileID: 8477628092232891517, guid: 16a119a520dbae841a168e5856d58951, type: 3}
      propertyPath: m_LocalPosition.z
      value: 0
      objectReference: {fileID: 0}
    - target: {fileID: 8477628092232891517, guid: 16a119a520dbae841a168e5856d58951, type: 3}
      propertyPath: m_LocalRotation.w
      value: 1
      objectReference: {fileID: 0}
    - target: {fileID: 8477628092232891517, guid: 16a119a520dbae841a168e5856d58951, type: 3}
      propertyPath: m_LocalRotation.x
      value: -0
      objectReference: {fileID: 0}
    - target: {fileID: 8477628092232891517, guid: 16a119a520dbae841a168e5856d58951, type: 3}
      propertyPath: m_LocalRotation.y
      value: -0
      objectReference: {fileID: 0}
    - target: {fileID: 8477628092232891517, guid: 16a119a520dbae841a168e5856d58951, type: 3}
      propertyPath: m_LocalRotation.z
      value: -0
      objectReference: {fileID: 0}
    - target: {fileID: 8477628092232891517, guid: 16a119a520dbae841a168e5856d58951, type: 3}
      propertyPath: m_LocalEulerAnglesHint.x
      value: 0
      objectReference: {fileID: 0}
    - target: {fileID: 8477628092232891517, guid: 16a119a520dbae841a168e5856d58951, type: 3}
      propertyPath: m_LocalEulerAnglesHint.y
      value: 0
      objectReference: {fileID: 0}
    - target: {fileID: 8477628092232891517, guid: 16a119a520dbae841a168e5856d58951, type: 3}
      propertyPath: m_LocalEulerAnglesHint.z
      value: 0
      objectReference: {fileID: 0}
    - target: {fileID: 8477628092232891518, guid: 16a119a520dbae841a168e5856d58951, type: 3}
      propertyPath: GameOver
      value: 
      objectReference: {fileID: 827180401}
    - target: {fileID: 8477628092232891519, guid: 16a119a520dbae841a168e5856d58951, type: 3}
      propertyPath: m_SortingOrder
      value: 2
      objectReference: {fileID: 0}
    m_RemovedComponents: []
  m_SourcePrefab: {fileID: 100100000, guid: 16a119a520dbae841a168e5856d58951, type: 3}
--- !u!1 &1365548557
GameObject:
  m_ObjectHideFlags: 0
  m_CorrespondingSourceObject: {fileID: 0}
  m_PrefabInstance: {fileID: 0}
  m_PrefabAsset: {fileID: 0}
  serializedVersion: 6
  m_Component:
  - component: {fileID: 1365548558}
  - component: {fileID: 1365548559}
  m_Layer: 0
  m_Name: Layer_0
  m_TagString: Untagged
  m_Icon: {fileID: 0}
  m_NavMeshLayer: 0
  m_StaticEditorFlags: 0
  m_IsActive: 1
--- !u!4 &1365548558
Transform:
  m_ObjectHideFlags: 0
  m_CorrespondingSourceObject: {fileID: 0}
  m_PrefabInstance: {fileID: 0}
  m_PrefabAsset: {fileID: 0}
  m_GameObject: {fileID: 1365548557}
  m_LocalRotation: {x: 0, y: 0, z: 0, w: 1}
  m_LocalPosition: {x: 0, y: 0, z: 0}
  m_LocalScale: {x: 0.5, y: 0.5, z: 1}
  m_ConstrainProportionsScale: 0
  m_Children: []
  m_Father: {fileID: 775106451}
  m_RootOrder: 0
  m_LocalEulerAnglesHint: {x: 0, y: 0, z: 0}
--- !u!212 &1365548559
SpriteRenderer:
  m_ObjectHideFlags: 0
  m_CorrespondingSourceObject: {fileID: 0}
  m_PrefabInstance: {fileID: 0}
  m_PrefabAsset: {fileID: 0}
  m_GameObject: {fileID: 1365548557}
  m_Enabled: 1
  m_CastShadows: 0
  m_ReceiveShadows: 0
  m_DynamicOccludee: 1
  m_StaticShadowCaster: 0
  m_MotionVectors: 1
  m_LightProbeUsage: 1
  m_ReflectionProbeUsage: 1
  m_RayTracingMode: 0
  m_RayTraceProcedural: 0
  m_RenderingLayerMask: 1
  m_RendererPriority: 0
  m_Materials:
  - {fileID: 10754, guid: 0000000000000000f000000000000000, type: 0}
  m_StaticBatchInfo:
    firstSubMesh: 0
    subMeshCount: 0
  m_StaticBatchRoot: {fileID: 0}
  m_ProbeAnchor: {fileID: 0}
  m_LightProbeVolumeOverride: {fileID: 0}
  m_ScaleInLightmap: 1
  m_ReceiveGI: 1
  m_PreserveUVs: 0
  m_IgnoreNormalsForChartDetection: 0
  m_ImportantGI: 0
  m_StitchLightmapSeams: 1
  m_SelectedEditorRenderState: 0
  m_MinimumChartSize: 4
  m_AutoUVMaxDistance: 0.5
  m_AutoUVMaxAngle: 89
  m_LightmapParameters: {fileID: 0}
  m_SortingLayerID: 0
  m_SortingLayer: 0
  m_SortingOrder: 0
  m_Sprite: {fileID: 21300000, guid: ab01f61b3c6a46c4587ab9734c601f5a, type: 3}
  m_Color: {r: 1, g: 1, b: 1, a: 1}
  m_FlipX: 0
  m_FlipY: 0
  m_DrawMode: 0
  m_Size: {x: 40, y: 20}
  m_AdaptiveModeThreshold: 0.5
  m_SpriteTileMode: 0
  m_WasSpriteAssigned: 1
  m_MaskInteraction: 0
  m_SpriteSortPoint: 0
--- !u!1 &1378463382
GameObject:
  m_ObjectHideFlags: 0
  m_CorrespondingSourceObject: {fileID: 0}
  m_PrefabInstance: {fileID: 0}
  m_PrefabAsset: {fileID: 0}
  serializedVersion: 6
  m_Component:
  - component: {fileID: 1378463383}
  - component: {fileID: 1378463384}
  m_Layer: 0
  m_Name: Layer_3
  m_TagString: Untagged
  m_Icon: {fileID: 0}
  m_NavMeshLayer: 0
  m_StaticEditorFlags: 0
  m_IsActive: 1
--- !u!4 &1378463383
Transform:
  m_ObjectHideFlags: 0
  m_CorrespondingSourceObject: {fileID: 0}
  m_PrefabInstance: {fileID: 0}
  m_PrefabAsset: {fileID: 0}
  m_GameObject: {fileID: 1378463382}
  m_LocalRotation: {x: -0, y: -0, z: -0, w: 1}
  m_LocalPosition: {x: 0, y: 0, z: 0}
  m_LocalScale: {x: 0.5, y: 0.5, z: 1}
  m_ConstrainProportionsScale: 0
  m_Children: []
  m_Father: {fileID: 775106451}
  m_RootOrder: 3
  m_LocalEulerAnglesHint: {x: 0, y: 0, z: 0}
--- !u!212 &1378463384
SpriteRenderer:
  m_ObjectHideFlags: 0
  m_CorrespondingSourceObject: {fileID: 0}
  m_PrefabInstance: {fileID: 0}
  m_PrefabAsset: {fileID: 0}
  m_GameObject: {fileID: 1378463382}
  m_Enabled: 1
  m_CastShadows: 0
  m_ReceiveShadows: 0
  m_DynamicOccludee: 1
  m_StaticShadowCaster: 0
  m_MotionVectors: 1
  m_LightProbeUsage: 1
  m_ReflectionProbeUsage: 1
  m_RayTracingMode: 0
  m_RayTraceProcedural: 0
  m_RenderingLayerMask: 1
  m_RendererPriority: 0
  m_Materials:
  - {fileID: 10754, guid: 0000000000000000f000000000000000, type: 0}
  m_StaticBatchInfo:
    firstSubMesh: 0
    subMeshCount: 0
  m_StaticBatchRoot: {fileID: 0}
  m_ProbeAnchor: {fileID: 0}
  m_LightProbeVolumeOverride: {fileID: 0}
  m_ScaleInLightmap: 1
  m_ReceiveGI: 1
  m_PreserveUVs: 0
  m_IgnoreNormalsForChartDetection: 0
  m_ImportantGI: 0
  m_StitchLightmapSeams: 1
  m_SelectedEditorRenderState: 0
  m_MinimumChartSize: 4
  m_AutoUVMaxDistance: 0.5
  m_AutoUVMaxAngle: 89
  m_LightmapParameters: {fileID: 0}
  m_SortingLayerID: 0
  m_SortingLayer: 0
  m_SortingOrder: 1
  m_Sprite: {fileID: 21300000, guid: 072fb9c03f98b8541804c8632eda3b74, type: 3}
  m_Color: {r: 1, g: 1, b: 1, a: 1}
  m_FlipX: 0
  m_FlipY: 0
  m_DrawMode: 0
  m_Size: {x: 40, y: 20}
  m_AdaptiveModeThreshold: 0.5
  m_SpriteTileMode: 0
  m_WasSpriteAssigned: 1
  m_MaskInteraction: 0
  m_SpriteSortPoint: 0
--- !u!1001 &1412296817
PrefabInstance:
  m_ObjectHideFlags: 0
  serializedVersion: 2
  m_Modification:
    m_TransformParent: {fileID: 0}
    m_Modifications:
    - target: {fileID: 775824712340040648, guid: 9c50d0c70fa2a0146a8166f82bd6bcdf, type: 3}
      propertyPath: m_OnClick.m_PersistentCalls.m_Calls.Array.data[0].m_Target
      value: 
      objectReference: {fileID: 778517679}
    - target: {fileID: 775824712340040648, guid: 9c50d0c70fa2a0146a8166f82bd6bcdf, type: 3}
      propertyPath: m_OnClick.m_PersistentCalls.m_Calls.Array.data[0].m_MethodName
      value: BackToMenu
      objectReference: {fileID: 0}
    - target: {fileID: 775824713249079686, guid: 9c50d0c70fa2a0146a8166f82bd6bcdf, type: 3}
      propertyPath: m_OnClick.m_PersistentCalls.m_Calls.Array.data[0].m_Target
      value: 
      objectReference: {fileID: 778517679}
    - target: {fileID: 775824713249079686, guid: 9c50d0c70fa2a0146a8166f82bd6bcdf, type: 3}
      propertyPath: m_OnClick.m_PersistentCalls.m_Calls.Array.data[0].m_MethodName
      value: Level2
      objectReference: {fileID: 0}
    - target: {fileID: 775824713249324326, guid: 9c50d0c70fa2a0146a8166f82bd6bcdf, type: 3}
      propertyPath: m_Name
      value: Canvas
      objectReference: {fileID: 0}
    - target: {fileID: 775824713249324345, guid: 9c50d0c70fa2a0146a8166f82bd6bcdf, type: 3}
      propertyPath: m_Pivot.x
      value: 0
      objectReference: {fileID: 0}
    - target: {fileID: 775824713249324345, guid: 9c50d0c70fa2a0146a8166f82bd6bcdf, type: 3}
      propertyPath: m_Pivot.y
      value: 0
      objectReference: {fileID: 0}
    - target: {fileID: 775824713249324345, guid: 9c50d0c70fa2a0146a8166f82bd6bcdf, type: 3}
      propertyPath: m_RootOrder
      value: 5
      objectReference: {fileID: 0}
    - target: {fileID: 775824713249324345, guid: 9c50d0c70fa2a0146a8166f82bd6bcdf, type: 3}
      propertyPath: m_AnchorMax.x
      value: 0
      objectReference: {fileID: 0}
    - target: {fileID: 775824713249324345, guid: 9c50d0c70fa2a0146a8166f82bd6bcdf, type: 3}
      propertyPath: m_AnchorMax.y
      value: 0
      objectReference: {fileID: 0}
    - target: {fileID: 775824713249324345, guid: 9c50d0c70fa2a0146a8166f82bd6bcdf, type: 3}
      propertyPath: m_AnchorMin.x
      value: 0
      objectReference: {fileID: 0}
    - target: {fileID: 775824713249324345, guid: 9c50d0c70fa2a0146a8166f82bd6bcdf, type: 3}
      propertyPath: m_AnchorMin.y
      value: 0
      objectReference: {fileID: 0}
    - target: {fileID: 775824713249324345, guid: 9c50d0c70fa2a0146a8166f82bd6bcdf, type: 3}
      propertyPath: m_SizeDelta.x
      value: 0
      objectReference: {fileID: 0}
    - target: {fileID: 775824713249324345, guid: 9c50d0c70fa2a0146a8166f82bd6bcdf, type: 3}
      propertyPath: m_SizeDelta.y
      value: 0
      objectReference: {fileID: 0}
    - target: {fileID: 775824713249324345, guid: 9c50d0c70fa2a0146a8166f82bd6bcdf, type: 3}
      propertyPath: m_LocalPosition.x
      value: 0
      objectReference: {fileID: 0}
    - target: {fileID: 775824713249324345, guid: 9c50d0c70fa2a0146a8166f82bd6bcdf, type: 3}
      propertyPath: m_LocalPosition.y
      value: 0
      objectReference: {fileID: 0}
    - target: {fileID: 775824713249324345, guid: 9c50d0c70fa2a0146a8166f82bd6bcdf, type: 3}
      propertyPath: m_LocalPosition.z
      value: 0
      objectReference: {fileID: 0}
    - target: {fileID: 775824713249324345, guid: 9c50d0c70fa2a0146a8166f82bd6bcdf, type: 3}
      propertyPath: m_LocalRotation.w
      value: 1
      objectReference: {fileID: 0}
    - target: {fileID: 775824713249324345, guid: 9c50d0c70fa2a0146a8166f82bd6bcdf, type: 3}
      propertyPath: m_LocalRotation.x
      value: 0
      objectReference: {fileID: 0}
    - target: {fileID: 775824713249324345, guid: 9c50d0c70fa2a0146a8166f82bd6bcdf, type: 3}
      propertyPath: m_LocalRotation.y
      value: 0
      objectReference: {fileID: 0}
    - target: {fileID: 775824713249324345, guid: 9c50d0c70fa2a0146a8166f82bd6bcdf, type: 3}
      propertyPath: m_LocalRotation.z
      value: 0
      objectReference: {fileID: 0}
    - target: {fileID: 775824713249324345, guid: 9c50d0c70fa2a0146a8166f82bd6bcdf, type: 3}
      propertyPath: m_AnchoredPosition.x
      value: 0
      objectReference: {fileID: 0}
    - target: {fileID: 775824713249324345, guid: 9c50d0c70fa2a0146a8166f82bd6bcdf, type: 3}
      propertyPath: m_AnchoredPosition.y
      value: 0
      objectReference: {fileID: 0}
    - target: {fileID: 775824713249324345, guid: 9c50d0c70fa2a0146a8166f82bd6bcdf, type: 3}
      propertyPath: m_LocalEulerAnglesHint.x
      value: 0
      objectReference: {fileID: 0}
    - target: {fileID: 775824713249324345, guid: 9c50d0c70fa2a0146a8166f82bd6bcdf, type: 3}
      propertyPath: m_LocalEulerAnglesHint.y
      value: 0
      objectReference: {fileID: 0}
    - target: {fileID: 775824713249324345, guid: 9c50d0c70fa2a0146a8166f82bd6bcdf, type: 3}
      propertyPath: m_LocalEulerAnglesHint.z
      value: 0
      objectReference: {fileID: 0}
    - target: {fileID: 775824713249324346, guid: 9c50d0c70fa2a0146a8166f82bd6bcdf, type: 3}
      propertyPath: m_Camera
      value: 
      objectReference: {fileID: 708204901}
    - target: {fileID: 2238150348625067569, guid: 9c50d0c70fa2a0146a8166f82bd6bcdf, type: 3}
      propertyPath: m_OnClick.m_PersistentCalls.m_Calls.Array.data[0].m_Target
      value: 
      objectReference: {fileID: 778517679}
    - target: {fileID: 2238150348625067569, guid: 9c50d0c70fa2a0146a8166f82bd6bcdf, type: 3}
      propertyPath: m_OnClick.m_PersistentCalls.m_Calls.Array.data[0].m_MethodName
      value: BackToMenu
      objectReference: {fileID: 0}
    - target: {fileID: 7124172490062907537, guid: 9c50d0c70fa2a0146a8166f82bd6bcdf, type: 3}
      propertyPath: m_OnClick.m_PersistentCalls.m_Calls.Array.data[0].m_Target
      value: 
      objectReference: {fileID: 778517679}
    - target: {fileID: 7124172490062907537, guid: 9c50d0c70fa2a0146a8166f82bd6bcdf, type: 3}
      propertyPath: m_OnClick.m_PersistentCalls.m_Calls.Array.data[0].m_MethodName
      value: Level3
      objectReference: {fileID: 0}
    m_RemovedComponents: []
  m_SourcePrefab: {fileID: 100100000, guid: 9c50d0c70fa2a0146a8166f82bd6bcdf, type: 3}
--- !u!1 &1480570473
GameObject:
  m_ObjectHideFlags: 0
  m_CorrespondingSourceObject: {fileID: 0}
  m_PrefabInstance: {fileID: 0}
  m_PrefabAsset: {fileID: 0}
  serializedVersion: 6
  m_Component:
  - component: {fileID: 1480570476}
  - component: {fileID: 1480570475}
  - component: {fileID: 1480570474}
  m_Layer: 0
  m_Name: EventSystem
  m_TagString: Untagged
  m_Icon: {fileID: 0}
  m_NavMeshLayer: 0
  m_StaticEditorFlags: 0
  m_IsActive: 1
--- !u!114 &1480570474
MonoBehaviour:
  m_ObjectHideFlags: 0
  m_CorrespondingSourceObject: {fileID: 0}
  m_PrefabInstance: {fileID: 0}
  m_PrefabAsset: {fileID: 0}
  m_GameObject: {fileID: 1480570473}
  m_Enabled: 1
  m_EditorHideFlags: 0
  m_Script: {fileID: 11500000, guid: 4f231c4fb786f3946a6b90b886c48677, type: 3}
  m_Name: 
  m_EditorClassIdentifier: 
  m_SendPointerHoverToParent: 1
  m_HorizontalAxis: Horizontal
  m_VerticalAxis: Vertical
  m_SubmitButton: Submit
  m_CancelButton: Cancel
  m_InputActionsPerSecond: 10
  m_RepeatDelay: 0.5
  m_ForceModuleActive: 0
--- !u!114 &1480570475
MonoBehaviour:
  m_ObjectHideFlags: 0
  m_CorrespondingSourceObject: {fileID: 0}
  m_PrefabInstance: {fileID: 0}
  m_PrefabAsset: {fileID: 0}
  m_GameObject: {fileID: 1480570473}
  m_Enabled: 1
  m_EditorHideFlags: 0
  m_Script: {fileID: 11500000, guid: 76c392e42b5098c458856cdf6ecaaaa1, type: 3}
  m_Name: 
  m_EditorClassIdentifier: 
  m_FirstSelected: {fileID: 0}
  m_sendNavigationEvents: 1
  m_DragThreshold: 10
--- !u!4 &1480570476
Transform:
  m_ObjectHideFlags: 0
  m_CorrespondingSourceObject: {fileID: 0}
  m_PrefabInstance: {fileID: 0}
  m_PrefabAsset: {fileID: 0}
  m_GameObject: {fileID: 1480570473}
  m_LocalRotation: {x: 0, y: 0, z: 0, w: 1}
  m_LocalPosition: {x: 0, y: 0, z: 0}
  m_LocalScale: {x: 1, y: 1, z: 1}
  m_ConstrainProportionsScale: 0
  m_Children: []
  m_Father: {fileID: 0}
  m_RootOrder: 6
  m_LocalEulerAnglesHint: {x: 0, y: 0, z: 0}
--- !u!4 &1611004816 stripped
Transform:
  m_CorrespondingSourceObject: {fileID: 4223418845949271221, guid: 4cc4494cdf642a8499027bfd05a53f27, type: 3}
  m_PrefabInstance: {fileID: 2070532381}
  m_PrefabAsset: {fileID: 0}
--- !u!1 &1638232152
GameObject:
  m_ObjectHideFlags: 0
  m_CorrespondingSourceObject: {fileID: 0}
  m_PrefabInstance: {fileID: 0}
  m_PrefabAsset: {fileID: 0}
  serializedVersion: 6
  m_Component:
  - component: {fileID: 1638232153}
  - component: {fileID: 1638232154}
  m_Layer: 0
  m_Name: Layer_4
  m_TagString: Untagged
  m_Icon: {fileID: 0}
  m_NavMeshLayer: 0
  m_StaticEditorFlags: 0
  m_IsActive: 1
--- !u!4 &1638232153
Transform:
  m_ObjectHideFlags: 0
  m_CorrespondingSourceObject: {fileID: 0}
  m_PrefabInstance: {fileID: 0}
  m_PrefabAsset: {fileID: 0}
  m_GameObject: {fileID: 1638232152}
  m_LocalRotation: {x: -0, y: -0, z: -0, w: 1}
  m_LocalPosition: {x: 0, y: 0, z: 0}
  m_LocalScale: {x: 0.5, y: 0.5, z: 1}
  m_ConstrainProportionsScale: 0
  m_Children: []
  m_Father: {fileID: 775106451}
  m_RootOrder: 4
  m_LocalEulerAnglesHint: {x: 0, y: 0, z: 0}
--- !u!212 &1638232154
SpriteRenderer:
  m_ObjectHideFlags: 0
  m_CorrespondingSourceObject: {fileID: 0}
  m_PrefabInstance: {fileID: 0}
  m_PrefabAsset: {fileID: 0}
  m_GameObject: {fileID: 1638232152}
  m_Enabled: 1
  m_CastShadows: 0
  m_ReceiveShadows: 0
  m_DynamicOccludee: 1
  m_StaticShadowCaster: 0
  m_MotionVectors: 1
  m_LightProbeUsage: 1
  m_ReflectionProbeUsage: 1
  m_RayTracingMode: 0
  m_RayTraceProcedural: 0
  m_RenderingLayerMask: 1
  m_RendererPriority: 0
  m_Materials:
  - {fileID: 10754, guid: 0000000000000000f000000000000000, type: 0}
  m_StaticBatchInfo:
    firstSubMesh: 0
    subMeshCount: 0
  m_StaticBatchRoot: {fileID: 0}
  m_ProbeAnchor: {fileID: 0}
  m_LightProbeVolumeOverride: {fileID: 0}
  m_ScaleInLightmap: 1
  m_ReceiveGI: 1
  m_PreserveUVs: 0
  m_IgnoreNormalsForChartDetection: 0
  m_ImportantGI: 0
  m_StitchLightmapSeams: 1
  m_SelectedEditorRenderState: 0
  m_MinimumChartSize: 4
  m_AutoUVMaxDistance: 0.5
  m_AutoUVMaxAngle: 89
  m_LightmapParameters: {fileID: 0}
  m_SortingLayerID: 0
  m_SortingLayer: 0
  m_SortingOrder: 1
  m_Sprite: {fileID: 21300000, guid: 17729fe1353b2f247bf96445ab7798b1, type: 3}
  m_Color: {r: 1, g: 1, b: 1, a: 1}
  m_FlipX: 0
  m_FlipY: 0
  m_DrawMode: 0
  m_Size: {x: 40, y: 20}
  m_AdaptiveModeThreshold: 0.5
  m_SpriteTileMode: 0
  m_WasSpriteAssigned: 1
  m_MaskInteraction: 0
  m_SpriteSortPoint: 0
--- !u!1001 &2070532381
PrefabInstance:
  m_ObjectHideFlags: 0
  serializedVersion: 2
  m_Modification:
    m_TransformParent: {fileID: 442986350}
    m_Modifications:
    - target: {fileID: 4223418845949271216, guid: 4cc4494cdf642a8499027bfd05a53f27, type: 3}
      propertyPath: m_Name
      value: Cherry (2)
      objectReference: {fileID: 0}
    - target: {fileID: 4223418845949271216, guid: 4cc4494cdf642a8499027bfd05a53f27, type: 3}
      propertyPath: m_TagString
      value: item
      objectReference: {fileID: 0}
    - target: {fileID: 4223418845949271221, guid: 4cc4494cdf642a8499027bfd05a53f27, type: 3}
      propertyPath: m_RootOrder
      value: 2
      objectReference: {fileID: 0}
    - target: {fileID: 4223418845949271221, guid: 4cc4494cdf642a8499027bfd05a53f27, type: 3}
      propertyPath: m_LocalPosition.x
      value: 7.71
      objectReference: {fileID: 0}
    - target: {fileID: 4223418845949271221, guid: 4cc4494cdf642a8499027bfd05a53f27, type: 3}
      propertyPath: m_LocalPosition.y
      value: -0.47
      objectReference: {fileID: 0}
    - target: {fileID: 4223418845949271221, guid: 4cc4494cdf642a8499027bfd05a53f27, type: 3}
      propertyPath: m_LocalPosition.z
      value: 0.024144532
      objectReference: {fileID: 0}
    - target: {fileID: 4223418845949271221, guid: 4cc4494cdf642a8499027bfd05a53f27, type: 3}
      propertyPath: m_LocalRotation.w
      value: 1
      objectReference: {fileID: 0}
    - target: {fileID: 4223418845949271221, guid: 4cc4494cdf642a8499027bfd05a53f27, type: 3}
      propertyPath: m_LocalRotation.x
      value: -0
      objectReference: {fileID: 0}
    - target: {fileID: 4223418845949271221, guid: 4cc4494cdf642a8499027bfd05a53f27, type: 3}
      propertyPath: m_LocalRotation.y
      value: -0
      objectReference: {fileID: 0}
    - target: {fileID: 4223418845949271221, guid: 4cc4494cdf642a8499027bfd05a53f27, type: 3}
      propertyPath: m_LocalRotation.z
      value: -0
      objectReference: {fileID: 0}
    - target: {fileID: 4223418845949271221, guid: 4cc4494cdf642a8499027bfd05a53f27, type: 3}
      propertyPath: m_LocalEulerAnglesHint.x
      value: 0
      objectReference: {fileID: 0}
    - target: {fileID: 4223418845949271221, guid: 4cc4494cdf642a8499027bfd05a53f27, type: 3}
      propertyPath: m_LocalEulerAnglesHint.y
      value: 0
      objectReference: {fileID: 0}
    - target: {fileID: 4223418845949271221, guid: 4cc4494cdf642a8499027bfd05a53f27, type: 3}
      propertyPath: m_LocalEulerAnglesHint.z
      value: 0
      objectReference: {fileID: 0}
    m_RemovedComponents: []
  m_SourcePrefab: {fileID: 100100000, guid: 4cc4494cdf642a8499027bfd05a53f27, type: 3}
